<record><leader>00000cas a22000007a 4500</leader><controlfield tag="001">15129558</controlfield><controlfield tag="008">870129d19081910aludr ne      0    0eng d</controlfield><datafield ind1=" " ind2=" " tag="010"><subfield code="a">sn 87050032 </subfield></datafield><datafield ind1=" " ind2=" " tag="040"><subfield code="a">AAR</subfield><subfield code="b">eng</subfield><subfield code="c">AAR</subfield><subfield code="d">CPN</subfield><subfield code="d">OCLCQ</subfield></datafield><datafield ind1=" " ind2=" " tag="042"><subfield code="a">msc</subfield></datafield><datafield ind1="0" ind2="4" tag="245"><subfield code="a">The Mercury banner.</subfield></datafield><datafield ind1=" " ind2=" " tag="260"><subfield code="a">Huntsville, Ala. :</subfield><subfield code="b">Mercury Pub. Co.,</subfield><subfield code="c">1908-1910.</subfield></datafield><datafield ind1=" " ind2=" " tag="300"><subfield code="a">v.</subfield></datafield><datafield ind1=" " ind2=" " tag="310"><subfield code="a">Daily</subfield></datafield><datafield ind1="0" ind2=" " tag="362"><subfield code="a">Vol. 24 (Nov. 22, 1908)-v. 26, no. 124 (Dec. 31, 1910).</subfield></datafield><datafield ind1=" " ind2=" " tag="515"><subfield code="a">Issue numbers begin with: Vol. 24, no. 121 (Jan. 12, 1909).</subfield></datafield><datafield ind1=" " ind2=" " tag="752"><subfield code="a">United States</subfield><subfield code="b">Alabama</subfield><subfield code="c">Madison</subfield><subfield code="d">Huntsville.</subfield></datafield><datafield ind1="0" ind2=" " tag="775"><subfield code="t">Weekly mercury (Huntsville, Ala.)</subfield><subfield code="w">(DLC)sn 87050029</subfield></datafield><datafield ind1="0" ind2="4" tag="780"><subfield code="t">Morning mercury</subfield><subfield code="w">(DLC)sn 86050094</subfield></datafield><datafield ind1="0" ind2="4" tag="780"><subfield code="t">Evening banner (Huntsville, Ala.)</subfield><subfield code="w">(DLC)sn 87050031</subfield></datafield><datafield ind1="0" ind2="0" tag="785"><subfield code="t">Huntsville mercury-banner</subfield><subfield code="w">(DLC)sn 87050033</subfield></datafield></record>